@ARTICLE{Wallin2016,
	author = {{Wallin}, J.~F. and {Holincheck}, A.~J. and {Harvey}, A.},
	title = "{JSPAM: A restricted three-body code for simulating interacting galaxies}",
	journal = {Astronomy and Computing},
	archivePrefix = "arXiv",
	eprint = {1511.05041},
	keywords = {Galaxies: interactions, Methods: n-body simulations},
	year = 2016,
	month = jul,
	volume = 16,
	pages = {26-33},
	doi = {10.1016/j.ascom.2016.03.005},
	url = {http://adsabs.harvard.edu/abs/2016A%26C....16...26W},
	note = {Provided by the SAO/NASA Astrophysics Data System}
}


@article{Toomre1972,
	author = {{Toomre}, A. and {Toomre}, J.},
	title = "{Galactic Bridges and Tails}",
	journal = {The Astrophysical Journal},
	year = 1972,
	month = dec,
	volume = 178,
	pages = {623-666},
	doi = {10.1086/151823},
	url = {http://adsabs.harvard.edu/abs/1972ApJ...178..623T},
	note = {Provided by the SAO/NASA Astrophysics Data System}
}

@ARTICLE{Holincheck2015,
	author = {{Holincheck}, A.~J. and {Wallin}, J.~F. and {Borne}, K. and
		{Fortson}, L. and {Lintott}, C. and {Smith}, A.~M. and {Bamford}, S. and
		{Keel}, W.~C. and {Parrish}, M.},
	title = "{Galaxy Zoo: Mergers - Dynamical models of interacting galaxies}",
	journal = {Monthly Notices of the Royal Astronomical Society},
	archivePrefix = "arXiv",
	eprint = {1604.00435},
	keywords = {methods: numerical, galaxies: interactions, galaxies: kinematics and dynamics, galaxies: peculiar},
	year = 2016,
	month = jun,
	volume = 459,
	pages = {720-745},
	doi = {10.1093/mnras/stw649},
	url = {http://adsabs.harvard.edu/abs/2016MNRAS.459..720H},
	note = {Provided by the SAO/NASA Astrophysics Data System}
}

@article{German,
	author = {{Pfleiderer}, J. and {Siedentopf}, H.},
	title = "{Spiralstrukturen durch Gezeiteneffekte bei der Begegnung zweier Galaxien. Mit 7 Textabbildungen}",
	journal = {Zeitschrift f√ºr Astrophysik},
	year = 1961,
	volume = 51,
	pages = {201},
	url = {http://adsabs.harvard.edu/abs/1961ZA.....51..201P},
	note = {Provided by the SAO/NASA Astrophysics Data System}
}


@TECHREPORT{Messier,
	author = {{Messier}, C.},
	title = "{Catalogue des N{\'e}buleuses et des Amas d'{\'E}toiles (Catalog of Nebulae and Star Clusters)}",
	booktitle = {Connoissance des Temps ou des Mouvements C{\'e}lestes, for 1784, p. 227-267},
	year = 1781,
	pages = {227-267},
	url = {http://adsabs.harvard.edu/abs/1781cote.rept..227M},
	note = {Provided by the SAO/NASA Astrophysics Data System}
}

@ARTICLE{Alladin1965,
	author = {{Alladin}, S.~M.},
	title = "{The Dynamics of Colliding Galaxies.}",
	journal = {The Astrophysical Journal},
	year = 1965,
	month = feb,
	volume = 141,
	pages = {768},
	doi = {10.1086/148161},
	url = {http://adsabs.harvard.edu/abs/1965ApJ...141..768A},
	note = {Provided by the SAO/NASA Astrophysics Data System}
}

@Book{kant,
	author = {Kant, Immanuel},
	title = {Universal natural history and theory of the heavens : or, an essay on the constitution and the mechanical origin of the entire structure of the universe based on Newtonian principles},
	publisher = {Richer Resources Publications},
	year = {2009},
	address = {Arlington, VA},
	isbn = {1935238914}
}

@PHDTHESIS{holincheckThesis,
	author = {{Holincheck}, A.},
	title = "{A Pipeline for Constructing a Catalog of Multi-method Models of Interacting Galaxies}",
	school = {George Mason University},
	year = 2013,
	url = {http://adsabs.harvard.edu/abs/2013PhDT.......176H},
	note = {Provided by the SAO/NASA Astrophysics Data System}
}

@ARTICLE{Beck2018,
	author = {{Beck}, M.~R. and {Scarlata}, C. and {Fortson}, L.~F. and {Lintott}, C.~J. and
		{Simmons}, B.~D. and {Galloway}, M.~A. and {Willett}, K.~W. and
		{Dickinson}, H. and {Masters}, K.~L. and {Marshall}, P.~J. and
		{Wright}, D.},
	title = "{Integrating human and machine intelligence in galaxy morphology classification tasks}",
	journal = {\mnras},
	archivePrefix = "arXiv",
	eprint = {1802.08713},
	primaryClass = "astro-ph.IM",
	keywords = {galaxies: general, galaxies: morphology, methods: data analysis, methods: machine learning},
	year = 2018,
	month = mar,
	doi = {10.1093/mnras/sty503},
	url = {http://adsabs.harvard.edu/abs/2018MNRAS.tmp..521B},
	note = {Provided by the SAO/NASA Astrophysics Data System}
}
